<?xml version="1.0" encoding="UTF-8"?><collection><record><leader>05509ntm a2200613 a 4500</leader><controlfield tag="001">006814653</controlfield><controlfield tag="003">MiAaHDL</controlfield><controlfield tag="005">20190719000000.0</controlfield><controlfield tag="006">m        d        </controlfield><controlfield tag="007">cr bn ---auaua</controlfield><controlfield tag="008">090609q18171818xx            00| ||ara d</controlfield><datafield tag="035" ind1=" " ind2=" "><subfield code="a">(MiU)006814653</subfield></datafield><datafield tag="035" ind1=" " ind2=" "><subfield code="a">sdr-miu006814653</subfield></datafield><datafield tag="040" ind1=" " ind2=" "><subfield code="a">MiU</subfield><subfield code="c">MiU</subfield><subfield code="e">amremm</subfield></datafield><datafield tag="041" ind1="0" ind2=" "><subfield code="a">ara</subfield><subfield code="a">per</subfield></datafield><datafield tag="043" ind1=" " ind2=" "><subfield code="a">n-us-mi</subfield></datafield><datafield tag="100" ind1="0" ind2=" "><subfield code="6">880-01</subfield><subfield code="a">ʻAbd al-Qādir al-Jīlānī,</subfield><subfield code="d">-1166.</subfield></datafield><datafield tag="240" ind1="1" ind2="0"><subfield code="6">880-02</subfield><subfield code="a">Qaṣīdah Ghaus̲iyah</subfield></datafield><datafield tag="245" ind1="1" ind2="3"><subfield code="6">880-03</subfield><subfield code="a">[al-Qaṣīdah al-Ghawthīyah maʻa sharḥihā,</subfield><subfield code="f">1233, i.e. 1817 or 1818].</subfield></datafield><datafield tag="246" ind1="3" ind2=" "><subfield code="6">880-04</subfield><subfield code="a">قصيدة موالي يا موالي يا موالي</subfield></datafield><datafield tag="246" ind1="3" ind2=" "><subfield code="a">القصدية الخمرية</subfield></datafield><datafield tag="246" ind1="3" ind2=" "><subfield code="i">Title from inscription on second front flyleaf:</subfield><subfield code="a">قصيده غوثيه</subfield></datafield><datafield tag="260" ind1=" " ind2=" "><subfield code="c">[1817 or 1818].</subfield></datafield><datafield tag="300" ind1=" " ind2=" "><subfield code="a">10 leaves :</subfield><subfield code="b">paper ;</subfield><subfield code="c">223 x 130 (194 x 86) mm. bound to 228 x 134 mm.</subfield></datafield><datafield tag="500" ind1=" " ind2=" "><subfield code="a">Shelfmark: Ann Arbor, University of Michigan, Special Collections Library, Isl. Ms. 435</subfield></datafield><datafield tag="500" ind1=" " ind2=" "><subfield code="a">Origin: As appears in colophon, copied by Āghā Mīrzā student of Sayyid Amīr Dihlavī with transcription completed 1233 [1817 or 1818].</subfield></datafield><datafield tag="500" ind1=" " ind2=" "><subfield code="a">Binding: Pasteboards covered in black leather with maroon leather over spine (repair) ; Type III binding (without flap) ; doublures and doublure hinges in dark red leather ; upper and lower covers carry gold stamped mandorla, diamond-shaped pendants, cornerpieces and frame with floral and roundel designs and gold fillet accents ; sewn in yellow thread, six stations ; lacks endbands ; spine repair has been laid over flyleaves, restricting access to doublures and flyleaves themselves ; in poor condition with with much abrasion, red rot, cracking, moisture damage, pest damage, delamination, lifing of leather, etc. ; housed in envelope.</subfield></datafield><datafield tag="500" ind1=" " ind2=" "><subfield code="a">Support: non-European (Indian or Persian) laid paper with laid lines running horizontally spaced roughly 10 laid lines per cm., no chain lines visible, many inclusions ; paper of flyleaves and initial and final leaves of quire are barely burnished ; central leaves carrying text have been highly burnished and tinted where written area appears ; some ink and pigment burn.</subfield></datafield><datafield tag="500" ind1=" " ind2=" "><subfield code="a">Decoration: Illuminated headpiece (ʻunwān) at opening consists of rectangular piece, carrying the basmalah surrounded by gilt cloud-bands and flanked by floral pieces, surmounted by a scalloped semi-circular piece (dome) with floral vegetal decoration in lavender, white, green and yellow on fields of gold and blue ; entire piece is surmounted by vertical stalks (tīgh) in blue ; written area throughout is bordered by a frame with gold band and black, red and blue fillets ; gilt cloud-bands surround text throughout ; text rubricated with accompanying Persian text in red.</subfield></datafield><datafield tag="500" ind1=" " ind2=" "><subfield code="a">Script: Nastaʻlīq ; Arabic text in a very fine hand with exaggerated contrast in thickness between horizontal and vertical strokes reminiscent of the earlier calligraphic style of Mīr ʻImād al-Ḥasanī, final yāʼ unpointed ; Persian text in a small, neat nastaʻlīq ; all sans serif with characteristic descent of words to baseline and superscript of final words/letters.</subfield></datafield><datafield tag="500" ind1=" " ind2=" "><subfield code="a">Layout: Written in roughly 20 lines per page with a line for each hemistich and for its elucidation in Persian ; single column with the hemistiches aligned with opposite sides of the panel ; frame-ruled.</subfield></datafield><datafield tag="500" ind1=" " ind2=" "><subfield code="a">Collation: ii, V, ii ; single quinion (the first two and last two leaves of which are blank) ; alternating double pages are left blank ; lacks catchwords.</subfield></datafield><datafield tag="500" ind1=" " ind2=" "><subfield code="a">Colophon: "Scribal," somewhat triangular, mainly in Arabic, reads: "كتبه العبد المذنب آغا ميرزا تلميذ [؟] سيد امير دهلوى ۱۲۳۳ سلمه الله تعالى"</subfield></datafield><datafield tag="500" ind1=" " ind2=" "><subfield code="a">Explicit: "انا الجيلى محيى الدين اسمى واعلامى على راس الجبالى [الجبال]"</subfield></datafield><datafield tag="500" ind1=" " ind2=" "><subfield code="a">Incipit: "سقانى الحب كسات الوصالى [الوصال] فقلت لخمرتى نحوى تعالى"</subfield></datafield><datafield tag="500" ind1=" " ind2=" "><subfield code="a">Title supplied by cataloguer.</subfield></datafield><datafield tag="500" ind1=" " ind2=" "><subfield code="a">Ms. codex.</subfield></datafield><datafield tag="520" ind1="8" ind2=" "><subfield code="a">Fine copy of the well-known Arabic poem attributed to ʻAbd al-Qādir al-Jīlānī with elucidation in Persian. Contributions to the cataloguing from Ali Rafi.</subfield></datafield><datafield tag="538" ind1=" " ind2=" "><subfield code="a">Mode of access: Internet.</subfield></datafield><datafield tag="541" ind1=" " ind2=" "><subfield code="c">Purchase ;</subfield><subfield code="a">Acquired by purchase (funds donated by Horace Rackham).</subfield><subfield code="d">1924.</subfield></datafield><datafield tag="546" ind1=" " ind2=" "><subfield code="a">Arabic and Persian.</subfield></datafield><datafield tag="561" ind1=" " ind2=" "><subfield code="a">A few possible former shelfmarks or inventory marks: inscription in pencil, on front flyleaf "578 T. Dell [?]" and "225" on recto of folio carrying incipit page ; clean copy.</subfield></datafield><datafield tag="650" ind1=" " ind2="0"><subfield code="a">Manuscripts, Persian</subfield><subfield code="z">Michigan</subfield><subfield code="z">Ann Arbor.</subfield></datafield><datafield tag="650" ind1=" " ind2="0"><subfield code="a">Manuscripts, Arabic</subfield><subfield code="z">Michigan</subfield><subfield code="z">Ann Arbor.</subfield></datafield><datafield tag="650" ind1=" " ind2="0"><subfield code="a">Arabic poetry</subfield><subfield code="x">History and criticism.</subfield></datafield><datafield tag="650" ind1=" " ind2="0"><subfield code="a">Sufi poetry</subfield><subfield code="v">Early works to 1800.</subfield></datafield><datafield tag="700" ind1="0" ind2=" "><subfield code="a">Abdülhamid</subfield><subfield code="b">II,</subfield><subfield code="c">Sultan of the Turks,</subfield><subfield code="d">1842-1918,</subfield><subfield code="e">former owner.</subfield></datafield><datafield tag="700" ind1="0" ind2=" "><subfield code="6">880-05</subfield><subfield code="a">Āghā Mīrzā,</subfield><subfield code="d">fl. 1817 or 18,</subfield><subfield code="e">scribe.</subfield></datafield><datafield tag="773" ind1="0" ind2=" "><subfield code="a">Abdul Hamid Collection.</subfield></datafield><datafield tag="880" ind1="0" ind2=" "><subfield code="6">700-05/</subfield><subfield code="a">آغا ميرزا،</subfield><subfield code="e">ناسخ.</subfield></datafield><datafield tag="880" ind1="3" ind2=" "><subfield code="6">246-04/</subfield><subfield code="a">Qaṣīdat Mawālī yā mawālī yā mawālī</subfield></datafield><datafield tag="880" ind1="1" ind2="2"><subfield code="6">245-03/</subfield><subfield code="a">[القصيدة الغوثية مع شرحها,</subfield><subfield code="f">1233ه, 1817 أو 1818م].</subfield></datafield><datafield tag="880" ind1="1" ind2="0"><subfield code="6">240-02/</subfield><subfield code="a">قصیده غوثیه</subfield></datafield><datafield tag="880" ind1="0" ind2=" "><subfield code="6">100-01/</subfield><subfield code="a">عبد القادر الجيلاني.</subfield></datafield><datafield tag="CID" ind1=" " ind2=" "><subfield code="a">006814653</subfield></datafield><datafield tag="DAT" ind1="0" ind2=" "><subfield code="a">20190719102638.0</subfield><subfield code="b">20190719000000.0</subfield></datafield><datafield tag="DAT" ind1="1" ind2=" "><subfield code="a">20190719090653.0</subfield><subfield code="b">2019-07-19T16:12:09Z</subfield></datafield><datafield tag="DAT" ind1="2" ind2=" "><subfield code="a">2015-10-02T18:00:03Z</subfield></datafield><datafield tag="CAT" ind1=" " ind2=" "><subfield code="a">SDR-MIU</subfield><subfield code="d">EX LIBRIS - ALEPH</subfield><subfield code="l">prepare.pl-004-008</subfield></datafield><datafield tag="FMT" ind1=" " ind2=" "><subfield code="a">BK</subfield></datafield><datafield tag="HOL" ind1=" " ind2=" "><subfield code="0">sdr-miu006814653</subfield><subfield code="a">MiU</subfield><subfield code="b">SDR</subfield><subfield code="c">MIU</subfield><subfield code="p">mdp.39015079129105</subfield><subfield code="s">MIU</subfield><subfield code="1">006814653</subfield></datafield><datafield tag="974" ind1=" " ind2=" "><subfield code="b">MIU</subfield><subfield code="c">MIU</subfield><subfield code="d">20190719</subfield><subfield code="s">lit-dlps-dc</subfield><subfield code="u">mdp.39015079129105</subfield><subfield code="y">1818</subfield><subfield code="r">pd</subfield><subfield code="q">bib</subfield><subfield code="t">non-US bib date2 &lt; 1879</subfield></datafield></record></collection>